@manual{MetodoPesquisa,
	Author = {GERHARDT, T. E. and SILVEIRA, D. T. },
	Title = {Métodos de pesquisa},
	Year = {2009},
	Address = {Rio de Janeiro, Brasil},
    publisher = {Plageder}
}

@manual{ElaborarProjeto,
	Author = {GIL, A. C},
	Title = {Como elaborar projetos de pesquisa},
	Year = {2017},
	edition = {6th},
    publisher = {Atlas},
    isbn = {ISBN 978-85-97-01292-7}
}

@manual{robins2003,
    Author = "Anthony Robins and Janet Rountree and Nathan Rountree",
    Title = "Learning and Teaching Programming: A Review and Discussion",
    publisher = "Computer Science Education",
    Year = "2003"
}

@manual{gomesmendes2007,
    Author = "Anabela Gomes and Antonio Jose Mendes",
    Year = "2007",    
    Title = "Learning to program - difficulties and solutions"
}

@manual{cheah2020,
    Author = "Chin Soon Cheah",
    Year = "2020",
    Title = "Contemporary Educational Technology"
}

@manual{MasonCooper2013,
    Author = "Raina Mason and Graham Cooper",
    Year = "2013",
    Title = "Distractions in Programming Environments"
}

@manual{robins2019,
    Author = "Anthony Robins",
    Year = "2019",
    Title = "Novice programmers and introductory programming"
}

@manual{stefik2013,
    Author = "Andreas Stefik and Susanna Siebert",
    Year = "2013",
    Title = "An Empirical Investigation into Programming Language Syntax"
}

@manual{jayal2015,
    Author = "Ambikesh Jayal and Stasha Lauria and Allan Tucker and Stephen Swift",
    Year = "2015",
    Title = "Innovation in Teaching and Learning in Information and Computer Sciences"
}

@manual{marcolino2015,
    Author = "Anderson S. Marcolino and Ellen Francine Barbosa",
    Year = "2015",
    Title = "Softwares Educacionais para o Ensino de Programação: Um Mapeamento Sistemático"
}

@manual{haddad2011,
    Author = "Martinha Piteira and Samir R. Haddad",
    Year = "2011",
    Title = "Innovate in Your Program Computer Class: An approach based on a serious game"
}

@manual{helminen2010,
    Author = "Juha Helminen and Lauri Malmi",
    Year = "2010",
    Title = "Jype – A Program Visualization and Programming Exercise Tool for Python"
}

@manual{robins2010,
    Author = "Anthony Robins",
    Year = "2010",
    Title = "Learning edge momentum: a new account of outcomes in CS1"
}

@manual{bossegerosa2017,
    Author = "Yorah Bosse and Marco Aurélio Gerosa",
    Year = "2017",
    Title = "Why is programming so difficult to learn? Patterns of Difficulties Related to Programming Learning"
}

@manual{savagepiwek2019,
    Author = "Simon Savage and Pau Piwek",
    Year = "2019",
    Title = "Full report on challenges with learning to program and problem solve: an analysis of first year undergraduate Open University distance learning students’ online discussions"
}

@manual{jiauchenssu2009,
    Author = "Hewijin Christine Jiau and Jinghong Cox Chen and Kuo-Feng Ssu",
    Year = "2009",
    Title = "Enhancing Self-Motivation in Learning Programming Using Game-Based Simulation and Metrics"
}

@manual{bennedsencaspersen2005,
    Author = "Jens Bennedsen and Michael E. Caspersen",
    Year = "2005",
    Title = "Revealing the Programming Process"
}

@manual{zhangetall2013,
    Author = "Xihui Zhang and Chi Zhang and Thomas F. Stafford and Ping Zhang",
    Year = "2013",
    Title = "Teaching Introductory Programming to IS Students: The Impact of Teaching Approaches on Learning Performance"
}

@manual{brownwilson2018,
    Author = "Neil C. C. Brown and Greg Wilson",
    Year = "2018",
    Title = "Ten quick tips for teaching programming"
}

@manual{gunterkennyvick2007,
    Author = "Glenda A. Gunter and Robert F. Kenny and Erik H. Vick",
    Year = "2007",
    Title = "Taking educational games seriously: using the RETAIN model to design endogenous fantasy into standalone educational games"
}

@manual{barnesetall2007,
    Author = "Tiffany Barnes and Eve Powell and Amanda Chaffin and Alex Godwin and Heather Richter",
    Year = "2007",
    Title = "Game2Learn: Building CS1 Learning Games for Retention"
}

@manual {kellygibson2006,
    Author = "Jackie O'Kelly and J. Paul Gibson",
    Year = "2006",
    Title = "RoboCode \& Problem-Based Learning: A non-prescriptive approach to teaching programming"
}

@manual{freitasjavris2006,
    Author = "Sara de Freitas and Steve Jarvis",
    Year = "2006",
    Title = "A Framework for Developing Serious Games to meet Learner Needs"
}

@manual{chaffinetall2009,
    Author = "Amanda Chaffin and Katelyn Doran and Drew Hicks and Tiffany Barnes",
    Year = "2009",
    Title = "Experimental Evaluation of Teaching Recursion in a Video Game"
}

@manual{mota2008,
    Author = "Marcelle Pereira Mota and Lis W. Kanashiro Pereira and Eloi Luiz Favero",
    Year = "2008",
    Title = "JavaTool: Uma ferramenta para ensino de programação"
}

@manual{guo2013,
    Author = "Philip J. Guo",
    Year = "2013",
    Title = "Online Python Tutor: Embeddable Web-Based Program Visualization for CS Education"
}

@manual{edwardsetall2013,
    Author = "Stephen H. Edwards and Daniel S. Tilden and Anthony Allevato",
    Year = "2013",
    Title = "Pythy: improving the introductory python programming experience"
}

@book{moraispires2002,
    Author = "Pedro Morais and José Nuno Pires",
    Year = "2002",
    Title = "Python: Curso Completo",
    Edition = "1st",
    Publisher = "FCA – Editora de Informática, Lda."
}

@manual{fangohr2004,
    Author = "Hans Fangohr",
    Year = "2004",
    Title = "A Comparison of C, MATLAB, and Python as Teaching Languages in Engineering"
}

@manual{mannila2006,
    Author = "Linda Mannila and Mia Peltomaki and Tapio Salakoski",
    Year = "2006",
    Title = "What about a simple language? Analyzing the difficulties in learning to program"
}

@manual{truong2003,
    Author = "Nghi Truong and Peter Bancroft and Paul Roe",
    Year = "2003",
    Title = "A Web Based Environment for Learning to Program"
}

@book{bpmn,
author = {Campos, André L. N.},
title = {Modelagem de Processos com BPMN},
year = {2014},
edition = {2nd},
publisher = {BRASPORT}
}

@manual{inmetro2003,
	Author = {INMETRO},
	Title = {Vocabulário internacional de termos fundamentais e gerais de
	metrologia},
	Year = {2013},
	Address = {Rio de Janeiro, Brasil},
	Pages = {75},
	isbn = {85-87090-90-9},
}

@inproceedings{soviero1997,
	Author = {P. A. O. Soviero and L. G. M. Lavagna},
	Title = {A Numerical Model for Thin Airfoils in Unsteady Motion},
	Year = {1997},
	Pages = {332-340},
	Volume = {19},
	Number = {3},
	Booktitle = {Journal of the Brazilian Societyt Mechanical Sciences},	
}

@inproceedings{sparrow1980,
	Author = {E. M. Sparrow},
	Title = {Forced Convection Heat Transfer in a Duct Having Spanwise-Periodic
	Rectangular Protuberances},
	Year = {1980},
	Pages = {149-167},
	Volume = {3},
	Booktitle = {Numerical Heat Transfer},
}

@article{clark1986,
	Author = {J. A. Clark},
	Title = {Private Communication},
	Year = {1986},
	Address = {University of Michigan},
}

@article{arruda2007,
	Author = {M. B. B. Arruda},
	Title = {Como fazer referências: bibliográficas, eletrônicas e demais
	formas de documentos},
	Year = {2007},
	Url = {http://bu.ufsc.br/framerefer.html}
}

@article{coimbra1978,
	Author = {A. L. Coimbra},
	Title = {Lessons of Continuum Mechanics},
	Year = {1978},
	Address = {São Paulo, Brazil},
	Pages = {428},
	Editor = {Edgard Blücher},
}

@inproceedings{bordalo1989,
	Author = {S. N. Bordalo and J. H. Ferziger and S. J. Kline},
	Title = {The Development of Zonal Models for Turbulence},
	Year = {1989},
	Pages = {41-44},
	Booktitle = {Proceedings of the 10th Brazilian Congress of Mechanical
	Engineering}, 
	Volume = {1},	
}

@manual{NBR14724:2011,
	Address = {Rio de Janeiro},
	Date-Added = {2012-12-15 20:34:08 +0000},
	Date-Modified = {2012-12-15 20:35:25 +0000},
	Month = mar,
	Org-Short = {ABNT},
	Organization = {Associa{\c c}\~ao Brasileira de Normas T\'ecnicas},
	Pages = 15,
	Subtitle = {Informa{\c c}\~ao e documenta{\c c}\~ao --- trabalhos acad\^emicos --- apresenta{\c c}\~ao},
	Title = {{NBR} 14724},
	Year = 2011
}

@manual{NBR6034:2000,
	Address = {Rio de Janeiro},
	Org-Short = {ABNT},
	Organization = {Associa{\c c}\~ao Brasileira de Normas T\'ecnicas},
	Subtitle = {Informa{\c c}\~ao e documenta{\c c}\~ao --- Referências},
	Title = {{NBR} 14724},
	Year = 2000
}

@book{Sommerville2007,
author = {Sommerville, Ian},
title = {Software Engineering},
year = {2007},
isbn = {978-0-321-31379-9, 0-321-31379-8},
edition = {9th},
publisher = {Addison-Wesley Publishing Company},
address = {USA},
}


